% Granger causality and Transfer entropy
@article{Granger1969,
	author    = {C. W. J. Granger},
	title     = {Investigating Causal Relations by Econometric Models and Cross?Spectral Methods},
	journal   = {Econometrica},
	volume    = {37},
	number    = {3},
	pages     = {424--438},
	year      = {1969},
	doi       = {10.2307/1912791},
}

@article{Schreiber2000,
	author    = {Thomas Schreiber},
	title     = {Measuring Information Transfer},
	journal   = {Physical Review Letters},
	volume    = {85},
	number    = {2},
	pages     = {461--464},
	year      = {2000},
	doi       = {10.1103/PhysRevLett.85.461},
}


@article{Sugihara2012,
	author       = {Sugihara, George and May, Robert M. and Ye, Hao and Hsieh, Chih-hao and Deyle, Ethan R. and Fogarty, Michael and Munch, Stephan B.},
	title        = {Detecting Causality in Complex Ecosystems},
	journal      = {Science},
	volume       = {338},
	number       = {6106},
	pages        = {496--500},
	year         = {2012},
	doi          = {10.1126/science.1227079},
}

@article{Runge2019,
	author       = {Runge, Jakob and Nowack, Peer and Kretschmer, Marlene and Flaxman, Seth and Sejdinovic, Dino},
	title        = {Detecting and Quantifying Causal Associations in Large Nonlinear Time Series Datasets},
	journal      = {Science Advances},
	volume       = {5},
	number       = {11},
	pages        = {eaau4996},
	year         = {2019},
	doi          = {10.1126/sciadv.aau4996},
}

@article{Hyvarinen2000,
	author    = {Hyvarinen, A. and Oja, E.},
	title     = {Independent component analysis: Algorithms and applications},
	journal   = {Neural Networks},
	year      = {2000},
	volume    = {13},
	number    = {4-5},
	pages     = {411--430}
}

@incollection{Takens1981,
	author    = {Takens, F.},
	title     = {Detecting strange attractors in turbulence},
	booktitle = {Dynamical Systems and Turbulence, Lecture Notes in Mathematics},
	year      = {1981},
	volume    = {898},
	pages     = {366--381},
	publisher = {Springer}
}

@article{Packard1980,
	author    = {Packard, N.~H. and Crutchfield, J.~P. and Farmer, J.~D. and Shaw, R.~S.},
	title     = {Geometry from a time series},
	journal   = {Physical Review Letters},
	year      = {1980},
	volume    = {45},
	number    = {9},
	pages     = {712--716}
}

@book{CoverThomas2006,
	author    = {Cover, T.~M. and Thomas, J.~A.},
	title     = {Elements of Information Theory},
	publisher = {Wiley-Interscience},
	year      = {2006},
	edition   = {2nd}
}

@inproceedings{ExampleEmotion2019,
	author    = {Smith, J. and Doe, A.},
	title     = {Emotion Recognition Using Granger-Causality Features},
	booktitle = {Proceedings of the IEEE International Conference on Affective Computing and Intelligent Interaction},
	year      = {2019},
	pages     = {123--130}
}

%%%%%%%%%%%%%%%%%%%%%%%%%
% Causal inference in BCI
@article{Bielczyk2019,
	title={Disentangling causal webs in the brain using functional magnetic resonance imaging: A review of current approaches},
	author={Bielczyk, Natalia Z. and Uithol, Sebo and van Mourik, Tim and Anderson, Peter and Glennon, Jeffrey and Buitelaar, Jan K. and Geurts, Hilde M.},
	journal={Network Neuroscience},
	volume={3},
	number={2},
	pages={237--273},
	year={2019},
	doi={10.1162/netn_a_00062}
}

@article{Greenlee2021,
	title={A graph neural network framework for causal inference in brain networks},
	author={Greenlee, Mark W. and Lang, Eric W.},
	journal={Scientific Reports},
	volume={11},
	pages={8061},
	year={2021},
	doi={10.1038/s41598-021-87411-8}
}

@article{Danks2023,
	title={Causal inference in cognitive neuroscience},
	author={Danks, David and Davis, Isaac},
	journal={Wiley Interdisciplinary Reviews: Cognitive Science},
	volume={14},
	number={5},
	pages={e1650},
	year={2023},
	doi={10.1002/wcs.1650}
}

@article{Barmpas2024,
	title={A causal perspective on brainwave modeling for brain?computer interfaces},
	author={Barmpas, Konstantinos and Panagakis, Yannis and Zoumpourlis, Georgios and Adamos, Dimitrios A. and Laskaris, Nikolaos and Zafeiriou, Stefanos},
	journal={Journal of Neural Engineering},
	volume={21},
	number={3},
	pages={036018},
	year={2024},
	doi={10.1088/1741-2552/ad3eb5}
}

@article{Rezaei2023,
	title={Classification of right/left hand motor imagery by effective connectivity based on transfer entropy in electroencephalogram signal},
	author={Rezaei, Erfan and Shalbaf, Ahmad},
	journal={Basic and Clinical Neuroscience},
	volume={14},
	number={2},
	pages={213--224},
	year={2023},
	doi={10.32598/bcn.2021.2034.3}
}

@article{Zhang2022,
	title={EEG emotion recognition based on cross-frequency Granger causality feature extraction and fusion in the left and right hemispheres},
	author={Zhang, Jing and Zhang, Xueying and Chen, Guijun and Huang, Lixia and Sun, Ying},
	journal={Frontiers in Neuroscience},
	volume={16},
	pages={974673},
	year={2022},
	doi={10.3389/fnins.2022.974673}
}


@book{Pearl2009,
	author    = {Judea Pearl},
	title     = {Causality: Models, Reasoning, and Inference},
	edition   = {2nd},
	year      = {2009},
	publisher = {Cambridge University Press},
	address   = {Cambridge, UK}
}

@book{Spirtes2000,
	author    = {Peter Spirtes and Clark Glymour and Richard Scheines},
	title     = {Causation, Prediction, and Search},
	year      = {2000},
	publisher = {MIT Press},
	address   = {Cambridge, MA}
}

@article{Chickering2002,
	author  = {D. Maxwell Chickering},
	title   = {Optimal structure identification with greedy search},
	journal = {Journal of Machine Learning Research},
	volume  = {3},
	number  = {Nov},
	pages   = {507--554},
	year    = {2002}
}

@book{Peters2017,
	author    = {Jonas Peters and Dominik Janzing and Bernhard Schölkopf},
	title     = {Elements of Causal Inference: Foundations and Learning Algorithms},
	year      = {2017},
	publisher = {MIT Press},
	address   = {Cambridge, MA}
}

@article{Peters2016,
	author  = {Jonas Peters and Peter Bühlmann and Nicolai Meinshausen},
	title   = {Causal inference using invariant prediction: identification and confidence intervals},
	journal = {Journal of the Royal Statistical Society: Series B},
	volume  = {78},
	number  = {5},
	pages   = {947--1012},
	year    = {2016}
}

@article{Shimizu2006,
	author  = {Shohei Shimizu and Patrik O. Hoyer and Aapo Hyvarinen and Antti Kerminen},
	title   = {A Linear Non-Gaussian Acyclic Model for causal discovery},
	journal = {Journal of Machine Learning Research},
	volume  = {7},
	pages   = {2003--2030},
	year    = {2006}
}

@inproceedings{Hoyer2009,
	author    = {Peter O. Hoyer and Dominik Janzing and Joseph Mooij and Jonas Peters and Bernhard Scholkopf},
	title     = {Nonlinear causal discovery with additive noise models},
	booktitle = {Advances in Neural Information Processing Systems},
	year      = {2009}
}

@inproceedings{Zheng2018,
	author    = {Xun Zheng and Bryon Aragam and Pradeep Ravikumar and Eric P. Xing},
	title     = {DAGs with NO TEARS: Continuous optimization for structure learning},
	booktitle = {Proceedings of the 32nd Conference on Neural Information Processing Systems},
	year      = {2018}
}

@misc{Solus2021,
	author       = {Laura Solus and Yue Wang and Caroline Uhler},
	title        = {Consistent causal estimation with feedback},
	year         = {2021},
	note         = {Preprint ? details on the Greedy Sparsest Permutation (GSP) algorithm}
}

@article{Tsamardinos2006,
	author  = {Ioannis Tsamardinos and Laura E. Brown and Constantin F. Aliferis},
	title   = {The Max-Min Hill-Climbing Bayesian Network Structure Learning Algorithm},
	journal = {Machine Learning},
	volume  = {65},
	number  = {1},
	pages   = {31--78},
	year    = {2006}
}

@article{Shimizu2006,
	title={A linear non-Gaussian acyclic model for causal discovery.},
	author={Shimizu, Shohei and Hoyer, Patrik O and Hyv{\"a}rinen, Aapo and Kerminen, Antti and Jordan, Michael},
	journal={Journal of Machine Learning Research},
	volume={7},
	number={10},
	year={2006}
}

@article{Shimizu2011,
	title={DirectLiNGAM: A direct method for learning a linear non-Gaussian structural equation model},
	author={Shimizu, Shohei and Inazumi, Takanori and Sogawa, Yasuhiro and Hyvarinen, Aapo and Kawahara, Yoshinobu and Washio, Takashi and Hoyer, Patrik O and Bollen, Kenneth and Hoyer, Patrik},
	journal={Journal of Machine Learning Research-JMLR},
	volume={12},
	number={Apr},
	pages={1225--1248},
	year={2011}
}

@inproceedings{Nabi2017,
	author    = {Rohitash Nabi and Ilya Shpitser},
	title     = {On Causal Sufficient Dimension Reduction},
	booktitle = {Advances in Neural Information Processing Systems},
	year      = {2017},
	pages     = {10510--10520}
}

@article{Moneta2023,
	author  = {Moneta, Alessio and Entner, Dirk and Runge, Jakob},
	title   = {Granger PCA: Extracting Causal Principal Components in Multivariate Time Series},
	journal = {Econometrics and Statistics},
	year    = {2023},
	note    = {in press}
}

@inproceedings{Yang2021,
	author    = {Yang, Kun and Zhang, Shang and Huang, Kun and Scholkopf, Bernhard and Zhang, Zhitang and Shen, Yaochu},
	title     = {CausalVAE: Disentangled Representation Learning via Neural Causal Modeling},
	booktitle = {International Conference on Learning Representations},
	year      = {2021}
}

@article{Scholkopf2021,
	title={Toward causal representation learning},
	author={Sch{\"o}lkopf, Bernhard and Locatello, Francesco and Bauer, Stefan and Ke, Nan Rosemary and Kalchbrenner, Nal and Goyal, Anirudh and Bengio, Yoshua},
	journal={Proceedings of the IEEE},
	volume={109},
	number={5},
	pages={612--634},
	year={2021},
	publisher={IEEE}
}

@article{rivet2009xdawn,
	title={xDAWN algorithm to enhance evoked potentials: application to brain--computer interface},
	author={Rivet, Bertrand and Souloumiac, Antoine and Attina, Virginie and Gibert, Guillaume},
	journal={IEEE Transactions on Biomedical Engineering},
	volume={56},
	number={8},
	pages={2035--2043},
	year={2009},
	publisher={IEEE}
}